@book{sample,
    author = "Feng, Matthew",
    title  = "The book",
    year   = "2020",
    publisher = "Some publishing group"
}

